@article{LHCb-detector,
    author = "Alves, A. Augusto Jr. and others",
    collaboration = "LHCb",
    title = "{The LHCb Detector at the LHC}",
    doi = "10.1088/1748-0221/3/08/S08005",
    journal = "JINST",
    volume = "3",
    pages = "S08005",
    year = "2008"
}

@article{kaon-CP-violation,
  title = {Evidence for the $2\ensuremath{\pi}$ Decay of the $K_{2}^{0}$ Meson},
  author = {Christenson, J. H. and Cronin, J. W. and Fitch, V. L. and Turlay, R.},
  journal = {Phys. Rev. Lett.},
  volume = {13},
  issue = {4},
  pages = {138--140},
  numpages = {0},
  year = {1964},
  month = {Jul},
  publisher = {American Physical Society},
  doi = {10.1103/PhysRevLett.13.138},
  url = {https://link.aps.org/doi/10.1103/PhysRevLett.13.138}
}

@article{kaon-CP-violation-new,
    author = "Ambrosino, F. and others",
    collaboration = "KLOE",
    title = "{Measurements of the absolute branching ratios for the dominant $K_L$ decays, the $K_L$ lifetime, and $V_{us}$ with the KLOE detector}",
    eprint = "hep-ex/0508027",
    archivePrefix = "arXiv",
    doi = "10.1016/j.physletb.2005.10.018",
    journal = "Phys. Lett. B",
    volume = "632",
    pages = "43--50",
    year = "2006"
}

@article{kaon-oscillations,
  title = {Review of Particle Physics},
  author = {Tanabashi, M. and others},
  collaboration = {Particle Data Group},
  journal = {Phys. Rev. D},
  volume = {98},
  issue = {3},
  pages = {030001},
  numpages = {1898},
  year = {2018},
  month = {Aug},
  publisher = {American Physical Society},
  doi = {10.1103/PhysRevD.98.030001},
  url = {https://link.aps.org/doi/10.1103/PhysRevD.98.030001}
}

@article{D-oscillations,
  title = {First Observation of ${D}^{0}\ensuremath{-}{\overline{D}}^{0}$ Oscillations in ${D}^{0}\ensuremath{\rightarrow}{K}^{+}{\ensuremath{\pi}}^{\ensuremath{-}}{\ensuremath{\pi}}^{+}{\ensuremath{\pi}}^{\ensuremath{-}}$ Decays and Measurement of the Associated Coherence Parameters},
  author = {Aaij, R. and others},
  collaboration = {LHCb Collaboration},
  journal = {Phys. Rev. Lett.},
  volume = {116},
  issue = {24},
  pages = {241801},
  numpages = {10},
  year = {2016},
  month = {Jun},
  publisher = {American Physical Society},
  doi = {10.1103/PhysRevLett.116.241801},
  url = {https://link.aps.org/doi/10.1103/PhysRevLett.116.241801},
  eprint = {1602.07224}
}

@article{D-CP-violation,
  title = {Observation of $CP$ Violation in Charm Decays},
  author = {Aaij, R. and others},
  collaboration = {LHCb Collaboration},
  journal = {Phys. Rev. Lett.},
  volume = {122},
  issue = {21},
  pages = {211803},
  numpages = {12},
  year = {2019},
  month = {May},
  publisher = {American Physical Society},
  doi = {10.1103/PhysRevLett.122.211803},
  url = {https://link.aps.org/doi/10.1103/PhysRevLett.122.211803},
  eprint = {1903.08726}
}

@article{B-CP-violation,
  title = {Measurement of $CP$ Violation in ${B}^{0}\ensuremath{\rightarrow}J/\ensuremath{\psi}{K}_{S}^{0}$ Decays},
  author = {Aaij, R. and others},
  collaboration = {LHCb collaboration},
  journal = {Phys. Rev. Lett.},
  volume = {115},
  issue = {3},
  pages = {031601},
  numpages = {9},
  year = {2015},
  month = {Jul},
  publisher = {American Physical Society},
  doi = {10.1103/PhysRevLett.115.031601},
  url = {https://link.aps.org/doi/10.1103/PhysRevLett.115.031601},
  eprint={1503.07089},
}

@article{B-oscillations,
   title={A precise measurement of the $B^0$ meson oscillation frequency},
   volume={76},
   ISSN={1434-6052},
   url={http://dx.doi.org/10.1140/epjc/s10052-016-4250-2},
   DOI={10.1140/epjc/s10052-016-4250-2},
   number={7},
   journal={Eur. Phys. J. C},
   publisher={Springer Science and Business Media LLC},
   author={Aaij, R. and Abell√°n Beteta, C. and Adeva, B. and Adinolfi, M. and Affolder, A. and Ajaltouni, Z. and Akar, S. and Albrecht, J. and Alessio, F. and Alexander, M. and et al.},
  collaboration = {LHCb Collaboration},
   year={2016},
   month={Jul},
   eprint={1604.03475}
}

@article{Bs-oscillations,
   title={Precision measurement of the $B^0_s$-$\overline{B}{}^0_{s}$ oscillation frequency with the decay $B^0_s \to D^-_s\pi^+$},
   volume={15},
   ISSN={1367-2630},
   url={http://dx.doi.org/10.1088/1367-2630/15/5/053021},
   DOI={10.1088/1367-2630/15/5/053021},
   number={5},
   journal={New J. Phys.},
   publisher={IOP Publishing},
   author={Aaij, R and Abellan Beteta, C and Adeva, B and Adinolfi, M and Adrover, C and Affolder, A and Ajaltouni, Z and Albrecht, J and Alessio, F and et al.},
  collaboration = {LHCb Collaboration},
   year={2013},
   month={May},
   pages={053021},
   eprint={1304.4741}
}

@article{Xicc++,
  title = {First Observation of the Doubly Charmed Baryon Decay ${\mathrm{\ensuremath{\Xi}}}_{cc}^{++}\ensuremath{\rightarrow}{\mathrm{\ensuremath{\Xi}}}_{c}^{+}{\ensuremath{\pi}}^{+}$},
  author = {Aaij, R. and others},
  collaboration = {LHCb Collaboration},
  journal = {Phys. Rev. Lett.},
  volume = {121},
  issue = {16},
  pages = {162002},
  numpages = {10},
  year = {2018},
  month = {Oct},
  publisher = {American Physical Society},
  doi = {10.1103/PhysRevLett.121.162002},
  url = {https://link.aps.org/doi/10.1103/PhysRevLett.121.162002},
  eprint = {1807.01919}
}

@article{Bcstar,
    author = "Aaij, Roel and others",
    collaboration = "LHCb",
    title = "{Observation of an excited $B_c^+$ state}",
    eprint = "1904.00081",
    archivePrefix = "arXiv",
    primaryClass = "hep-ex",
    reportNumber = "CERN-EP-2019-050, LHCb-PAPER-2019-007",
    doi = "10.1103/PhysRevLett.122.232001",
    journal = "Phys. Rev. Lett.",
    volume = "122",
    number = "23",
    pages = "232001",
    year = "2019"
}

@article{pentaquark,
  title = {Observation of a Narrow Pentaquark State, ${P}_{c}(4312{)}^{+}$, and of the Two-Peak Structure of the ${P}_{c}(4450{)}^{+}$},
  author = {Aaij, R. and others},
  collaboration = {LHCb Collaboration},
  journal = {Phys. Rev. Lett.},
  volume = {122},
  issue = {22},
  pages = {222001},
  numpages = {11},
  year = {2019},
  month = {Jun},
  publisher = {American Physical Society},
  doi = {10.1103/PhysRevLett.122.222001},
  url = {https://link.aps.org/doi/10.1103/PhysRevLett.122.222001},
  eprint = {1904.03947}
}

@article{tetraquark,
  title = {Model-Independent Study of Structure in ${B}^{+}\ensuremath{\rightarrow}{D}^{+}{D}^{\ensuremath{-}}{K}^{+}$ Decays},
  author = {Aaij, R. and others},
  collaboration = {LHCb Collaboration},
  journal = {Phys. Rev. Lett.},
  volume = {125},
  issue = {24},
  pages = {242001},
  numpages = {10},
  year = {2020},
  month = {Dec},
  publisher = {American Physical Society},
  doi = {10.1103/PhysRevLett.125.242001},
  url = {https://link.aps.org/doi/10.1103/PhysRevLett.125.242001},
  eprint = {2009.00025}
}

@article{LbtoLc3pi-CDF,
    author = "Aaltonen, T. and others",
    collaboration = "CDF",
    title = "{Measurement of the branching fraction ${\mathcal{B}}(\Lambda^0_b\rightarrow \Lambda^+_c\pi^-\pi^+\pi^-)$ at CDF}",
    eprint = "1112.3334",
    archivePrefix = "arXiv",
    primaryClass = "hep-ex",
    reportNumber = "FERMILAB-PUB-11-658-E",
    doi = "10.1103/PhysRevD.85.032003",
    journal = "Phys. Rev. D",
    volume = "85",
    pages = "032003",
    year = "2012"
}

@article{LbtoLc3pi,
  title = {Measurements of the branching fractions for ${B}_{(s)}\ensuremath{\rightarrow}{D}_{(s)}\ensuremath{\pi}\ensuremath{\pi}\ensuremath{\pi}$ and ${\ensuremath{\Lambda}}_{b}^{0}\ensuremath{\rightarrow}{\ensuremath{\Lambda}}_{c}^{+}\ensuremath{\pi}\ensuremath{\pi}\ensuremath{\pi}$},
  author = {Aaij, R. and others},
  collaboration = {LHCb Collaboration},
  journal = {Phys. Rev. D},
  volume = {84},
  issue = {9},
  pages = {092001},
  numpages = {19},
  year = {2011},
  month = {Nov},
  publisher = {American Physical Society},
  doi = {10.1103/PhysRevD.84.092001},
  url = {https://link.aps.org/doi/10.1103/PhysRevD.84.092001},
  eprint={1109.6831},
  archivePrefix={arXiv},
  primaryClass={hep-ex}
}
