@article{MuonCollab,
title = "A measurement of the spin asymmetry and determination of the structure function $g_1$ in deep inelastic muon-proton scattering",
journal = {Phys. Lett. B},
volume = "206",
number = "2",
pages = "364 - 370",
year = "1988",
issn = "0370-2693",
doi = "https://doi.org/10.1016/0370-2693(88)91523-7",
url = "http://www.sciencedirect.com/science/article/pii/0370269388915237",
author = {J. Ashman and others},
collaboration = {European Muon Collaboration}
}

@article{AnnRev,
	author = {Hughes, V W and Kuti, J},
	title = {Internal Spin Structure of the Nucleon},
	journal = {Ann. Rev. Nucl. Part. Sci.},
	volume = {33},
	number = {1},
	pages = {611-644},
	year = {1983},
	doi = {10.1146/annurev.ns.33.120183.003143},
	URL = {https://doi.org/10.1146/annurev.ns.33.120183.003143}
}

@article{Ellis-Jaffe,
  title = {Sum rule for deep-inelastic electroproduction from polarized protons},
  author = {Ellis, John and Jaffe, Robert},
  journal = {Phys. Rev. D},
  volume = {9},
  issue = {5},
  pages = {1444--1446},
  numpages = {0},
  year = {1974},
  month = {Mar},
  publisher = {American Physical Society},
  doi = {10.1103/PhysRevD.9.1444},
  url = {https://link.aps.org/doi/10.1103/PhysRevD.9.1444}
}

@article{E-J.fix,
title = "QCD higher-order effects in polarized electroproduction: Flavour singlet coefficient functions",
journal = "Nucl. Phys. B",
volume = "165",
number = "1",
pages = "129 - 140",
year = "1980",
issn = "0550-3213",
doi = "https://doi.org/10.1016/0550-3213(80)90310-7",
url = "http://www.sciencedirect.com/science/article/pii/0550321380903107",
author = "Jiro Kodaira",
}

@article{Bjorken1,
  title = {Applications of the Chiral $U(6)\ensuremath{\bigotimes}U(6)$ Algebra of Current Densities},
  author = {Bjorken, J. D.},
  journal = {Phys. Rev.},
  volume = {148},
  issue = {4},
  pages = {1467--1478},
  numpages = {0},
  year = {1966},
  month = {Aug},
  publisher = {American Physical Society},
  doi = {10.1103/PhysRev.148.1467},
  url = {https://link.aps.org/doi/10.1103/PhysRev.148.1467}
}

@article{Bjorken2,
  title = {Inelastic Scattering of Polarized Leptons from Polarized Nucleons},
  author = {Bjorken, J. D.},
  journal = {Phys. Rev. D},
  volume = {1},
  issue = {5},
  pages = {1376--1379},
  numpages = {0},
  year = {1970},
  month = {Mar},
  publisher = {American Physical Society},
  doi = {10.1103/PhysRevD.1.1376},
  url = {https://link.aps.org/doi/10.1103/PhysRevD.1.1376}
}

@article{Bj.fix1,
  title = {Quantum-chromodynamic effects in polarized electroproduction},
  author = {Kodaira, J. and Matsuda, S. and Muta, T. and Uematsu, T. and Sasaki, K.},
  journal = {Phys. Rev. D},
  volume = {20},
  issue = {3},
  pages = {627--629},
  numpages = {0},
  year = {1979},
  month = {Aug},
  publisher = {American Physical Society},
  doi = {10.1103/PhysRevD.20.627},
  url = {https://link.aps.org/doi/10.1103/PhysRevD.20.627}
}

@article{Bj.fix2,
title = "QCD higher order effects in spin-dependent deep inelastic electroproduction",
journal = "Nucl. Phys. B",
volume = "159",
number = "1",
pages = "99 - 124",
year = "1979",
issn = "0550-3213",
doi = "https://doi.org/10.1016/0550-3213(79)90329-8",
url = "http://www.sciencedirect.com/science/article/pii/0550321379903298",
author = "Jiro Kodaira and Satoshi Matsuda and Ken Sasaki and Tsuneo Uematsu",
}

@article{Bj.fix3,
title = "The $\alpha_s^3$ corrections to the Bjorken sum rule for polarized electroproduction and to the Gross-Llewellyn Smith sum rule",
journal = "Phys. Lett. B",
volume = "259",
number = "3",
pages = "345 - 352",
year = "1991",
issn = "0370-2693",
doi = "https://doi.org/10.1016/0370-2693(91)90839-I",
url = "http://www.sciencedirect.com/science/article/pii/037026939190839I",
author = "S.A. Larin and J.A.M. Vermaseren",
}

@Article{EMC.theory.fix,
author="Leader, E. and Anselmino, M.",
title="A crisis in the parton model: where, oh where is the proton's spin?",
journal="Z. Phys. C",
year="1988",
month="Jun",
day="01",
volume="41",
number="2",
pages="239--246",
abstract="A careful re-analysis of the recent EMC polarized target experiment is carried out in the hope of avoiding the startling conclusion that only 1/8 of the proton's spin is due to the spin of its valence quards. Inconsistencies in the original analysis are corrected and the role ofg2(x) and of possible vector diquark constituents is examined. A new result forg2(x) in the parton model is presented.",
issn="1431-5858",
doi="10.1007/BF01566922",
url="https://doi.org/10.1007/BF01566922"
}

@article{AltarelliParisi,
title = "Asymptotic freedom in parton language",
journal = "Nucl. Phys. B",
volume = "126",
number = "2",
pages = "298 - 318",
year = "1977",
issn = "0550-3213",
doi = "https://doi.org/10.1016/0550-3213(77)90384-4",
url = "http://www.sciencedirect.com/science/article/pii/0550321377903844",
author = "G. Altarelli and G. Parisi",
}

@article{Chiral,
title = "Chiral symmetry and the spin of the proton",
journal = "Phys. Lett. B",
volume = "206",
number = "2",
pages = "309 - 315",
year = "1988",
issn = "0370-2693",
doi = "https://doi.org/10.1016/0370-2693(88)91511-0",
url = "http://www.sciencedirect.com/science/article/pii/0370269388915110",
author = "Stanley J. Brodsky and John Ellis and Marek Karliner",
}

@article{Deur_2019,
	doi = {10.1088/1361-6633/ab0b8f},
	url = {https://doi.org/10.1088%2F1361-6633%2Fab0b8f},
	year = 2019,
	month = {jun},
	publisher = {{IOP} Publishing},
	volume = {82},
	number = {7},
	pages = {076201},
	author = {Alexandre Deur and Stanley J Brodsky and Guy F de T{\'{e}}ramond},
	title = {The spin structure of the nucleon},
	journal = {Reports on Progress in Physics}
}

@article{COMPASS,
title = "Measurement of the spin structure of the deuteron in the DIS region",
journal = "Phys. Lett. B",
volume = "612",
number = "3",
pages = "154 - 164",
year = "2005",
issn = "0370-2693",
doi = "https://doi.org/10.1016/j.physletb.2005.03.025",
url = "http://www.sciencedirect.com/science/article/pii/S0370269305003709",
author = "E.S. Ageev and others",
keywords = "Deep inelastic scattering, Structure functions",
collaboration = "COMPASS Collboration"
}

@article{E155,
title = "Measurements of the Q2-dependence of the proton and neutron spin structure functions g1p and g1n",
journal = "Phys. Lett. B",
volume = "493",
number = "1",
pages = "19 - 28",
year = "2000",
issn = "0370-2693",
doi = "https://doi.org/10.1016/S0370-2693(00)01014-5",
url = "http://www.sciencedirect.com/science/article/pii/S0370269300010145",
author = "P.L Anthony and others",
}

@article{E154,
  title = {Precision Determination of the Neutron Spin Structure Function ${g}_{1}^{n}$},
  author = {Abe, K. and others},
  collaboration = {E154 Collaboration},
  journal = {Phys. Rev. Lett.},
  volume = {79},
  issue = {1},
  pages = {26--30},
  numpages = {0},
  year = {1997},
  month = {Jul},
  publisher = {American Physical Society},
  doi = {10.1103/PhysRevLett.79.26},
  url = {https://link.aps.org/doi/10.1103/PhysRevLett.79.26}
}


@article{E143,
  title = {Measurements of the proton and deuteron spin structure functions ${g}_{1}$ and ${g}_{2}$},
  author = {Abe, K. and others},
  collaboration = {E143 Collaboration},
  journal = {Phys. Rev. D},
  volume = {58},
  issue = {11},
  pages = {112003},
  numpages = {54},
  year = {1998},
  month = {Oct},
  publisher = {American Physical Society},
  doi = {10.1103/PhysRevD.58.112003},
  url = {https://link.aps.org/doi/10.1103/PhysRevD.58.112003}
}

@article{RevModPhys.85.655,
  title = {The spin structure of the nucleon},
  author = {Aidala, Christine A. and Bass, Steven D. and Hasch, Delia and Mallot, Gerhard K.},
  journal = {Rev. Mod. Phys.},
  volume = {85},
  issue = {2},
  pages = {655--691},
  numpages = {0},
  year = {2013},
  month = {Apr},
  publisher = {American Physical Society},
  doi = {10.1103/RevModPhys.85.655},
  url = {https://link.aps.org/doi/10.1103/RevModPhys.85.655}
}

@article{HERMES,
title = "Measurement of parton distributions of strange quarks in the nucleon from charged-kaon production in deep-inelastic scattering on the deuteron",
journal = "Phys. Lett. B",
volume = "666",
number = "5",
pages = "446 - 450",
year = "2008",
issn = "0370-2693",
doi = "https://doi.org/10.1016/j.physletb.2008.07.090",
url = "http://www.sciencedirect.com/science/article/pii/S0370269308009386",
author = "A. Airapetian and others",
collaboration = "HERMES Collaboration"
}

@article{COMPASS.sea,
title = "Measurement of parton distributions of strange quarks in the nucleon from charged-kaon production in deep-inelastic scattering on the deuteron",
journal = "Phys. Lett. B",
volume = "666",
number = "5",
pages = "446 - 450",
year = "2008",
issn = "0370-2693",
doi = "https://doi.org/10.1016/j.physletb.2008.07.090",
url = "http://www.sciencedirect.com/science/article/pii/S0370269308009386",
author = "A. Airapetian and others",
collaboration = "COMPASS Collaboration"
}

@article{COMPASS.gluon1,
  title = {Leading and next-to-leading order gluon polarization in the nucleon and longitudinal double spin asymmetries from open charm muoproduction},
  author = {Adolph, C. and others},
  collaboration = {COMPASS Collaboration},
  journal = {Phys. Rev. D},
  volume = {87},
  issue = {5},
  pages = {052018},
  numpages = {22},
  year = {2013},
  month = {Mar},
  publisher = {American Physical Society},
  doi = {10.1103/PhysRevD.87.052018},
  url = {https://link.aps.org/doi/10.1103/PhysRevD.87.052018}
}

@article{COMPASS.gluon2,
title = "Leading order determination of the gluon polarisation from DIS events with high-pT hadron pairs",
journal = "Phys. Lett. B",
volume = "718",
number = "3",
pages = "922 - 930",
year = "2013",
issn = "0370-2693",
doi = "https://doi.org/10.1016/j.physletb.2012.11.056",
url = "http://www.sciencedirect.com/science/article/pii/S0370269312012221",
author = "C. Adolph and others",
collaboration = {COMPASS Collaboration},
}

@Article{HERMES.gluon,
collaboration = {HERMES collaboration},
author = {Airapetian, A. and others},
title="Leading-order determination of the gluon polarization from high-pThadron electroproduction",
journal="JHEP",
year="2010",
month="Aug",
day="31",
volume="2010",
number="8",
pages="130",
issn="1029-8479",
doi="10.1007/JHEP08(2010)130",
url="https://doi.org/10.1007/JHEP08(2010)130"
}


@article{PHENIX.gluon,
  title = {Inclusive cross section and double helicity asymmetry for ${\ensuremath{\pi}}^{0}$ production in $p+p$ collisions at $\sqrt{s}=62.4\text{ }\text{ }\mathrm{GeV}$},
  author = {Adare, A. and others},
  collaboration = {PHENIX Collaboration},
  journal = {Phys. Rev. D},
  volume = {79},
  issue = {1},
  pages = {012003},
  numpages = {11},
  year = {2009},
  month = {Jan},
  publisher = {American Physical Society},
  doi = {10.1103/PhysRevD.79.012003},
  url = {https://link.aps.org/doi/10.1103/PhysRevD.79.012003}
}

@article{STAR.gluon,
  title = {Longitudinal and transverse spin asymmetries for inclusive jet production at mid-rapidity in polarized $p\mathbf{+}p$ collisions at $\sqrt{s}\mathbf{=}200\text{ }\text{ }\mathrm{GeV}$},
  author = {Adamczyk, L. and others},
  collaboration = {STAR Collaboration},
  journal = {Phys. Rev. D},
  volume = {86},
  issue = {3},
  pages = {032006},
  numpages = {18},
  year = {2012},
  month = {Aug},
  publisher = {American Physical Society},
  doi = {10.1103/PhysRevD.86.032006},
  url = {https://link.aps.org/doi/10.1103/PhysRevD.86.032006}
}
