@article{PDG,
     author    = "Tanabashi, M. and others",
 collaboration = "Particle Data Group",
     title     = "{Review of particle physics}",
     journal   = "Phys. Rev.",
     volume    = "D98",
     year      = "2018",
     pages     = "030001",
     doi       = "10.1103/PhysRevD.98.030001", 
}


@article{LbLc_LHCb,
      author         = "Aaij, R. and others",
      title          = "{Measurements of the branching fractions for
                         $B_{(s)}\to D_{(s)}\pi\pi\pi$ and $\Lb\to\Lc\pi\pi\pi$}",
      collaboration  = "LHCb collaboration",
      journal        = "Phys. Rev.",
      volume         = "D84",
      pages          = "092001", 
      doi            = "10.1103/PhysRevD.84.092001",
      year           = "2011",
      eprint         = "1109.6831",
      archivePrefix  = "arXiv",
      primaryClass   = "hep-ex",
      report         = "LHCb-PAPER-2011-016, CERN-PH-EP-2011-151",
      extraPrefix    = "Erratum",
      extraVolume    = "D85",
      extraPages     = "039904",
      extraYear      = "2012",
      extraDoi       = "10.1103/PhysRevD.85.039904",
      SLACcitation   = "%%CITATION = ARXIV:1109.6831;%%",
}


@article{LbLc_CDF,
      author         = "Aaltonen, T. and others",
      title          = "{Measurement of the branching fraction
                        ${\mathcal{B}}(\Lambda^0_b\rightarrow
                        \Lambda^+_c\pi^-\pi^+\pi^-)$ at CDF}",
      collaboration  = "CDF",
      journal        = "Phys. Rev.",
      volume         = "D85",
      year           = "2012",
      pages          = "032003",
      doi            = "10.1103/PhysRevD.85.032003",
      eprint         = "1112.3334",
      archivePrefix  = "arXiv",
      primaryClass   = "hep-ex",
      reportNumber   = "FERMILAB-PUB-11-658-E",
      SLACcitation   = "%%CITATION = ARXIV:1112.3334;%%"
}

@phdthesis{CrystalBallFunction,
      author         = "Skwarnicki, Tomasz",
      title          = "{A study of the radiative CASCADE transitions between the
                        Upsilon-Prime and Upsilon resonances}",
      school         = "Cracow, INP",
      year           = "1986",
      url            = "http://www-library.desy.de/cgi-bin/showprep.pl?DESY-F31-86-02",
      reportNumber   = "DESY-F31-86-02, DESY-F-31-86-02",
      SLACcitation   = "%%CITATION = DESY-F31-86-02;%%"
}

