@article{CasimirFirstExp,
  title = {Demonstration of the Casimir Force in the 0.6 to $6\ensuremath{\mu}m$ Range},
  author = {Lamoreaux, S. K.},
  journal = {Phys. Rev. Lett.},
  volume = {78},
  issue = {1},
  pages = {5--8},
  numpages = {0},
  year = {1997},
  month = {Jan},
  publisher = {American Physical Society},
  doi = {10.1103/PhysRevLett.78.5},
  url = {https://link.aps.org/doi/10.1103/PhysRevLett.78.5}
}

@article{Casimir.van-der-Waals,
  title = {The Influence of Retardation on the London-van der Waals Forces},
  author = {Casimir, H. B. G. and Polder, D.},
  journal = {Phys. Rev.},
  volume = {73},
  issue = {4},
  pages = {360--372},
	number = {4},
  numpages = {0},
  year = {1948},
  month = {Feb},
  publisher = {American Physical Society},
  doi = {10.1103/PhysRev.73.360},
  url = {https://link.aps.org/doi/10.1103/PhysRev.73.360}
}

@article{Casimir.vacuum,
	author         = {Casimir, H. B. G.},
	title          = {On the Attraction Between Two Perfectly Conducting Plates},
	journal        = {Kon.Ned.Akad.Wetensch.Proc.},
	volume         = {51},
	year           = {1948},
	pages          = {793-795},
}

@article{LambShift.exp,
  title = {Fine Structure of the Hydrogen Atom by a Microwave Method},
  author = {Lamb, Willis E. and Retherford, Robert C.},
  journal = {Phys. Rev.},
  volume = {72},
  issue = {3},
  pages = {241--243},
  numpages = {0},
  year = {1947},
  month = {Aug},
  publisher = {American Physical Society},
  doi = {10.1103/PhysRev.72.241},
  url = {https://link.aps.org/doi/10.1103/PhysRev.72.241}
}

@article{electron.g-2.exp,
  title = {Cavity control of a single-electron quantum cyclotron: Measuring the electron magnetic moment},
  author = {Hanneke, D. and Fogwell Hoogerheide, S. and Gabrielse, G.},
  journal = {Phys. Rev. A},
  volume = {83},
  issue = {5},
  pages = {052122},
  numpages = {26},
  year = {2011},
  month = {May},
  publisher = {American Physical Society},
  doi = {10.1103/PhysRevA.83.052122},
  url = {https://link.aps.org/doi/10.1103/PhysRevA.83.052122}
}

@article{electron.g-2.theory,
  title = {Tenth-order electron anomalous magnetic moment: Contribution of diagrams without closed lepton loops},
  author = {Aoyama, Tatsumi and Hayakawa, Masashi and Kinoshita, Toichiro and Nio, Makiko},
  journal = {Phys. Rev. D},
  volume = {91},
  issue = {3},
  pages = {033006},
  numpages = {27},
  year = {2015},
  month = {Feb},
  publisher = {American Physical Society},
  doi = {10.1103/PhysRevD.91.033006},
  url = {https://link.aps.org/doi/10.1103/PhysRevD.91.033006}
}

@article{Hawking,
	author={Hawking, S. W.},
	title={Black hole explosions?},
	journal={Nature},
	year={1974},
	volume={248},
	number={5443},
	pages={30-31},
	issn={1476-4687},
	doi={10.1038/248030a0},
	url={https://doi.org/10.1038/248030a0}
}

@article{SphericalShell,
  title = {Quantum Electromagnetic Zero-Point Energy of a Conducting Spherical Shell and the Casimir Model for a Charged Particle},
  author = {Boyer, Timothy H.},
  journal = {Phys. Rev.},
  volume = {174},
  issue = {5},
  pages = {1764--1776},
  numpages = {0},
  year = {1968},
  month = {Oct},
  publisher = {American Physical Society},
  doi = {10.1103/PhysRev.174.1764},
  url = {https://link.aps.org/doi/10.1103/PhysRev.174.1764}
}

@article{Casimir.attr.theorem,
  title = {Opposites Attract: A Theorem about the Casimir Force},
  author = {Kenneth, Oded and Klich, Israel},
  journal = {Phys. Rev. Lett.},
  volume = {97},
  issue = {16},
  pages = {160401},
  numpages = {4},
  year = {2006},
  month = {Oct},
  publisher = {American Physical Society},
  doi = {10.1103/PhysRevLett.97.160401},
  url = {https://link.aps.org/doi/10.1103/PhysRevLett.97.160401}
}

@article{General.van-der-Waals,
	author = "{И. Е. Дзялошинский, Е. М. Лифшиц и Л. П. Питаевский}",
	title = {Общая теория ван-дер-Ваальсовых сил},
	publisher = {Успехи физических наук},
	year = {1961},
	journal = {Усп. физ. наук},
	volume = {73},
	number = {3},
	pages = {381-422},
	url = {https://ufn.ru/ru/articles/1961/3/b/},
	doi = {10.3367/UFNr.0073.196103b.0381}
}

@article{Repulsion.firstexp,
	author={Munday, J. N. and Capasso, Federico and Parsegian, V. Adrian},
	title={Measured long-range repulsive Casimir-Lifshitz forces},
	journal={Nature},
	year={2009},
	volume={457},
	number={7226},
	pages={170-173},
	issn={1476-4687},
	doi={10.1038/nature07610},
	url={https://doi.org/10.1038/nature07610}
}

@article{Repulsion.aperture,
  title = {Casimir Repulsion between Metallic Objects in Vacuum},
  author = {Levin, Michael and McCauley, Alexander P. and Rodriguez, Alejandro W. and Reid, M. T. Homer and Johnson, Steven G.},
  journal = {Phys. Rev. Lett.},
  volume = {105},
  issue = {9},
  pages = {090403},
  numpages = {4},
  year = {2010},
  month = {Aug},
  publisher = {American Physical Society},
  doi = {10.1103/PhysRevLett.105.090403},
  url = {https://link.aps.org/doi/10.1103/PhysRevLett.105.090403}
}

@article{Nanoparticles,
  title = {Nontouching Nanoparticle Diclusters Bound by Repulsive and Attractive Casimir Forces},
  author = {Rodriguez, Alejandro W. and McCauley, Alexander P. and Woolf, David and Capasso, Federico and Joannopoulos, J. D. and Johnson, Steven G.},
  journal = {Phys. Rev. Lett.},
  volume = {104},
  issue = {16},
  pages = {160402},
  numpages = {4},
  year = {2010},
  month = {Apr},
  publisher = {American Physical Society},
  doi = {10.1103/PhysRevLett.104.160402},
  url = {https://link.aps.org/doi/10.1103/PhysRevLett.104.160402}
}

@article{Repulsion.conductors,
  title = {Casimir-Polder repulsion: Polarizable atoms, cylinders, spheres, and ellipsoids},
  author = {Milton, Kimball A. and Parashar, Prachi and Pourtolami, Nima and Brevik, Iver},
  journal = {Phys. Rev. D},
  volume = {85},
  issue = {2},
  pages = {025008},
  numpages = {8},
  year = {2012},
  month = {Jan},
  publisher = {American Physical Society},
  doi = {10.1103/PhysRevD.85.025008},
  url = {https://link.aps.org/doi/10.1103/PhysRevD.85.025008}
}

@article{Repulsion.magnetic,
  title = {Van der Waals forces and zero-point energy for dielectric and permeable materials},
  author = {Boyer, Timothy H.},
  journal = {Phys. Rev. A},
  volume = {9},
  issue = {5},
  pages = {2078--2084},
  numpages = {0},
  year = {1974},
  month = {May},
  publisher = {American Physical Society},
  doi = {10.1103/PhysRevA.9.2078},
  url = {https://link.aps.org/doi/10.1103/PhysRevA.9.2078}
}

@article{Repulsion.metamaterial,
  title = {Microstructure effects for Casimir forces in chiral metamaterials},
  author = {McCauley, Alexander P. and Zhao, Rongkuo and Reid, M. T. Homer and Rodriguez, Alejandro W. and Zhou, Jiangfeng and Rosa, F. S. S. and Joannopoulos, John D. and Dalvit, D. A. R. and Soukoulis, Costas M. and Johnson, Steven G.},
  journal = {Phys. Rev. B},
  volume = {82},
  issue = {16},
  pages = {165108},
  numpages = {5},
  year = {2010},
  month = {Oct},
  publisher = {American Physical Society},
  doi = {10.1103/PhysRevB.82.165108},
  url = {https://link.aps.org/doi/10.1103/PhysRevB.82.165108}
}

@article{Repulsion.plates.needle,
  title = {Casimir-Polder repulsion near edges: Wedge apex and a screen with an aperture},
  author = {Milton, Kimball A. and Abalo, E. K. and Parashar, Prachi and Pourtolami, Nima and Brevik, Iver and Ellingsen, Simen \AA{}.},
  journal = {Phys. Rev. A},
  volume = {83},
  issue = {6},
  pages = {062507},
  numpages = {14},
  year = {2011},
  month = {Jun},
  publisher = {American Physical Society},
  doi = {10.1103/PhysRevA.83.062507},
  url = {https://link.aps.org/doi/10.1103/PhysRevA.83.062507}
}

@article{Repulsion.diagrams,
  title = {Diagrammatic expansion of the Casimir energy in multiple reflections: Theory and applications},
  author = {Maghrebi, Mohammad F.},
  journal = {Phys. Rev. D},
  volume = {83},
  issue = {4},
  pages = {045004},
  numpages = {12},
  year = {2011},
  month = {Feb},
  publisher = {American Physical Society},
  doi = {10.1103/PhysRevD.83.045004},
  url = {https://link.aps.org/doi/10.1103/PhysRevD.83.045004}
}

@article{Repulsion.tunable,
  title = {Chiral Casimir forces: Repulsive, enhanced, tunable},
  author = {Jiang, Qing-Dong and Wilczek, Frank},
  journal = {Phys. Rev. B},
  volume = {99},
  issue = {12},
  pages = {125403},
  numpages = {10},
  year = {2019},
  month = {Mar},
  publisher = {American Physical Society},
  doi = {10.1103/PhysRevB.99.125403},
  url = {https://link.aps.org/doi/10.1103/PhysRevB.99.125403}
}
