@article {one,
	author = {Baron, J. and Campbell, W. C. and DeMille, D. and Doyle, J. M. and Gabrielse, G. and Gurevich, Y. V. and Hess, P. W. and Hutzler, N. R. and Kirilov, E. and Kozyryev, I. and O{\textquoteright}Leary, B. R. and Panda, C. D. and Parsons, M. F. and Petrik, E. S. and Spaun, B. and Vutha, A. C. and West, A. D.},
	title = {Order of Magnitude Smaller Limit on the Electric Dipole Moment of the Electron},
	volume = {343},
	number = {6168},
	pages = {269--272},
	year = {2014},
	doi = {10.1126/science.1248213},
	publisher = {American Association for the Advancement of Science},
	issn = {0036-8075},
	URL = {https://science.sciencemag.org/content/343/6168/269},
	journal = {Science}
}


@article{two,
  title = {How conventional measures overestimate electroweak fine-tuning in supersymmetric theory},
  author = {Baer, Howard and Barger, Vernon and Mickelson, Dan},
  journal = {Phys. Rev. D},
  volume = {88},
  issue = {9},
  pages = {095013},
  numpages = {18},
  year = {2013},
  month = {Nov},
  publisher = {American Physical Society},
  doi = {10.1103/PhysRevD.88.095013},
  url = {https://link.aps.org/doi/10.1103/PhysRevD.88.095013}
}
