@article{Lb-Dppi.LHCb,
  title = {Studies of beauty baryon decays to ${D}^{0}p{h}^{\ensuremath{-}}$ and ${\mathrm{\ensuremath{\Lambda}}}_{c}^{+}{h}^{\ensuremath{-}}$ final states},
  author = {Aaij, R. and others},
  collaboration = {LHCb Collaboration},
  journal = {Phys. Rev. D},
  volume = {89},
  issue = {3},
  pages = {032001},
  numpages = {15},
  year = {2014},
  publisher = {American Physical Society},
  doi = {10.1103/PhysRevD.89.032001},
	eprint={1311.4823},
	archivePrefix={arXiv},
	primaryClass={hep-ex}
}

@article{Lb-Lmumu.LHCb,
    author = "Aaij, R and others",
    collaboration = "LHCb",
    title = "{Measurement of the differential branching fraction of the decay $\Lambda_b^0\rightarrow\Lambda\mu^+\mu^-$}",
    eprint = "1306.2577",
    archivePrefix = "arXiv",
    primaryClass = "hep-ex",
    reportNumber = "LHCB-PAPER-2013-025, CERN-PH-EP-2013-094",
    doi = "10.1016/j.physletb.2013.06.060",
    journal = "Phys. Lett. B",
    volume = "725",
    pages = "25--35",
    year = "2013"
}

@article{Lb-Lmumu.CDF,
    author = "Aaltonen, T. and others",
    collaboration = "CDF",
    title = "{Observation of the Baryonic Flavor-Changing Neutral Current Decay $\Lambda_{b} \to \Lambda \mu^{+} \mu^{-}$}",
    eprint = "1107.3753",
    archivePrefix = "arXiv",
    primaryClass = "hep-ex",
    reportNumber = "FERMILAB-PUB-11-328-E",
    doi = "10.1103/PhysRevLett.107.201802",
    journal = "Phys. Rev. Lett.",
    volume = "107",
    pages = "201802",
    year = "2011"
}

@article{Pentaquark,
    author = "Aaij, R. and others",
    collaboration = "LHCb",
    title = "{Observation of $J/\psi p$ Resonances Consistent with Pentaquark States in $\Lambda_b^0 \to J/\psi K^- p$ Decays}",
    eprint = "1507.03414",
    archivePrefix = "arXiv",
    primaryClass = "hep-ex",
    reportNumber = "CERN-PH-EP-2015-153, LHCB-PAPER-2015-029",
    doi = "10.1103/PhysRevLett.115.072001",
    journal = "Phys. Rev. Lett.",
    volume = "115",
    pages = "072001",
    year = "2015"
}

@article{LHCb1,
      author         = "Alves~Jr., A. A. and others",
      title          = "{The LHCb detector at the LHC}",
      collaboration  = "LHCb collaboration",
      journal        = "JINST",
      volume         = "3",
      pages          = "S08005",
      doi            = "10.1088/1748-0221/3/08/S08005",
      year           = "2008",
}

@article{LHCb2,
      author         = "Aaij, R. and others",
      title          = "{LHCb detector performance}",
      collaboration  = "LHCb collaboration",
      journal        = "Int. J. Mod. Phys. A",
      volume         = "30",
      pages          = "1530022",
      doi            = "10.1142/S0217751X15300227",
      year           = "2015",
      eprint         = "1412.6352",
      archivePrefix  = "arXiv",
      primaryClass   = "hep-ex",
      reportNumber   = "LHCB-DP-2014-002, CERN-PH-EP-2014-290",
      SLACcitation   = "%%CITATION = ARXIV:1412.6352;%%",
}

@article{Pythia1,
      author         = {Sj\"{o}strand, T. and Mrenna, S. and 
                       Skands, P."},
      title          = "{PYTHIA 6.4 physics and manual}",
      journal        = "JHEP",
      volume         = "05",
      pages          = "026",
      doi            = "10.1088/1126-6708/2006/05/026",
      year           = "2006",
      eprint         = "hep-ph/0603175",
      archivePrefix  = "arXiv",
      primaryClass   = "hep-ph",
}

@article{LHCb-trigger-Run1,
      author         = "Aaij, R. and others",
      title          = "{The LHCb trigger and its performance in 2011}",
      collaboration  = "LHCb collaboration",
      journal        = "JINST",
      volume         = "8",
      pages          = "P04022",
      doi            = "10.1088/1748-0221/8/04/P04022",
      year           = "2013",
      eprint         = "1211.3055",
      archivePrefix  = "arXiv",
      primaryClass   = "hep-ex",
      SLACcitation   = "%%CITATION = ARXIV:1211.3055;%%",
}

@article{LHCb-trigger-Run2,
      author        = "Aaij, R. and others",
      title         = "{Design and performance of the LHCb trigger and full
                       real-time reconstruction in Run 2 of the LHC. Performance
                       of the LHCb trigger and full real-time reconstruction in
                       Run 2 of the LHC}",
      journal       = "JINST",
      collaboration = "LHCb Collaboration",
      archivePrefix = "arXiv",
      eprint        = "1812.10790",
      reportNumber  = "CERN-LHCb-DP-2019-001, 04",
      volume        = "14",
      pages         = "P04013. 43 p",
      year          = "2018",
      doi           = "10.1088/1748-0221/14/04/P04013",
}

@article{PYTHIA,
      author         = {Sj\"{o}strand, T. and Mrenna, S. and
                        Skands, P."},
      title          = "{A brief introduction to {\sc{Pythia\,8.1}}}",
      journal        = "Comput. Phys. Commun.",
      volume         = "178",
      pages          = "852-867",
      doi            = "10.1016/j.cpc.2008.01.036",
      year           = "2008",
      eprint         = "0710.3820",
      archivePrefix  = "arXiv",
      primaryClass   = "hep-ph",
      reportNumber   = "CERN-LCGAPP-2007-04, LU-TP-07-28,
                        FERMILAB-PUB-07-512-CD-T",
}

@article{PYTHIA-LHCb,
      author         = "Belyaev, I. and others",
      title          = "{Handling of the generation of primary events
                         in {\sc{Gauss}}, the LHCb simulation framework}",
      journal="J. Phys. Conf. Ser.",
      volume={331},
      pages={032047},
      doi={10.1088/1742-6596/331/3/032047},
      year={2011},
}

@Article{EvtGen,
     author    = "Lange, D. J.",
     title     = "{The~{\sc{EvtGen}} particle decay simulation package}",
     journal   = "Nucl. Instrum. Meth. A",
     volume    = "462",
     year      = "2001",
     pages     = "152-155",
     doi       = "10.1016/S0168-9002(01)00089-4",
}

@article{Photos,
      author         = "Golonka, P. and Was, Z.",
      title          = "{{\sc{Photos}} Monte Carlo: A precision tool for QED
                  corrections in $Z$~and $W$~decays}",
      journal        = "Eur. Phys. J. C",
      volume         = "45",
      pages          = "97-107",
      doi            = "10.1140/epjc/s2005-02396-4",
      year           = "2006",
      eprint         = "hep-ph/0506026",
      archivePrefix  = "arXiv",
      primaryClass   = "hep-ph",
      reportNumber   = "IFJPAN-V-05-01, CERN-PH-TH-2005-091",
}

@Article{GEANT1,
     author    = "Agostinelli, S. and others",
     collaboration = "Geant4 collaboration",
     title     = "{{\sc{Geant4}}: A simulation toolkit}",
     journal   = "Nucl. Instrum. Meth. A",
     volume    = "506",
     year      = "2003",
     pages     = "250",
     doi       = "10.1016/S0168-9002(03)01368-8",
}

@article{GEANT2,
      author         = "Allison, J. and Amako, K. and Apostolakis, J. and
                        Araujo, H. and Dubois, P.A. and others",
      collaboration = "Geant4 collaboration",
      title          = "{{\sc{Geant4}} developments and applications}",
      journal        = "IEEE Trans.Nucl.Sci.",
      volume         = "53",
      pages          = "270",
      doi            = "10.1109/TNS.2006.869826",
      year           = "2006",
      reportNumber   = "SLAC-PUB-11870",
}

@article{GEANT-LHCb,
  author="Clemencic, M. and others",
  title="{The LHCb simulation application, {\sc{Gauss}}: Design, evolution and experience}",
  journal="J. Phys. Conf. Ser.",
  volume={331},
  pages={032023},
  doi={10.1088/1742-6596/331/3/032023},
  year={2011},
}

@PhdThesis{CrystalBall-function,
  author    = "Skwarnicki, T.",
  title     = "{A study of the~radiative cascade transitions between 
  the~$\Upsilon^{\prime}$~and $\Upsilon$~resonances}",
  school =   {Institute of Nuclear Physics, Krakow},
  year =   {1986},
  note =   "{\href{http://inspirehep.net/record/230779/}{DESY-F31-86-02}}",
}

@article{lb2dppipi-paper,
      author = {R. Aaij and others},
      collaboration  = "LHCb collaboration",
      title = {Observation of $\Lb\to\Dp\p\pim\pim$ and $\Lb\to\Dstarp\p\pim\pim$ decays},
      journal = {JHEP},
      doi = {10.1007/jhep03(2022)153},
      year = 2022,
      volume = {03},
      number = {3},
      pages = {153},
      eprint         = "2112.02013",
      archivePrefix  = "arXiv",
      primaryClass   = "hep-ex",
}

@article{PDG,
    author = "Zyla, P. A. and others",
    collaboration = "Particle Data Group",
    title = "{Review of Particle Physics}",
    doi = "10.1093/ptep/ptaa104",
    journal = "PTEP",
    volume = "2020",
    number = "8",
    pages = "083C01",
    year = "2020"
}

@article{sPlot,
    author = "Pivk, M. and Le Diberder, F. R.",
    title = "{sPlot: A statistical tool to unfold data distributions}",
    eprint = "physics/0402083",
    archivePrefix = "arXiv",
    reportNumber = "LAL-04-07",
    doi = "10.1016/j.nima.2005.08.106",
    journal = "Nucl. Instrum. Meth. A",
    volume = "555",
    pages = "356--369",
    year = "2005"
}

@techreport{Zweig1,
      author        = "Zweig, G.",
      title         = "{An SU$_3$ model for strong interaction symmetry and its
                       breaking; Version 1}",
      institution   = "CERN",
      address       = "Geneva",
      number        = "\href{http://cds.cern.ch/record/352337}{CERN-TH-401}",
      year          = "1964",
}

@techreport{Zweig2,
      author        = "Zweig, G.",
      title         = "{An SU$_3$ model for strong interaction symmetry and its
                       breaking; Version 2}",
      number        = "\href{http://cds.cern.ch/record/570209}{CERN-TH-412}",
      institution   = "CERN",
      address       = "Geneva",
      year          = "1964",
}

@article{GellMann,
      author         = "Gell-Mann, M.",
      title          = "{A Schematic Model of Baryons and Mesons}",
      journal        = "Phys. Lett.",
      volume         = "8",
      year           = "1964",
      pages          = "214-215",
      doi            = "10.1016/S0031-9163(64)92001-3",
}

@article{extended-likelihood,
        author = "Barlow, R.",
        title = "Extended maximum likelihood",
        journal = "Nucl. Instrum. Meth. A",
        volume = "297",
        number = "3",
        pages = "496 - 506",
        year = "1990",
        issn = "0168-9002",
        doi = "10.1016/0168-9002(90)91334-8",
}

@article{lb2lc3pi-cdf,
  title = {Measurement of the branching fraction $\mathcal{B}({\ensuremath{\Lambda}}_{b}^{0}\ensuremath{\rightarrow}{\ensuremath{\Lambda}}_{c}^{+}{\ensuremath{\pi}}^{\ensuremath{-}}{\ensuremath{\pi}}^{+}{\ensuremath{\pi}}^{\ensuremath{-}})$ at CDF},
  author = {Aaltonen, T. and others},
  collaboration = {CDF Collaboration},
  journal = {Phys. Rev. D},
  volume = {85},
  issue = {3},
  pages = {032003},
  numpages = {12},
  year = {2012},
  publisher = {American Physical Society},
  doi = {10.1103/PhysRevD.85.032003},
  eprint={1112.3334},
  archivePrefix={arXiv},
  primaryClass={hep-ex}
}

@article{lb2dppi-lhcb,
  title = {Studies of beauty baryon decays to ${D}^{0}p{h}^{\ensuremath{-}}$ and ${\mathrm{\ensuremath{\Lambda}}}_{c}^{+}{h}^{\ensuremath{-}}$ final states},
  author = {Aaij, R. and others},
  collaboration = {LHCb Collaboration},
  journal = {Phys. Rev. D},
  volume = {89},
  issue = {3},
  pages = {032001},
  numpages = {15},
  year = {2014},
  publisher = {American Physical Society},
  doi = {10.1103/PhysRevD.89.032001},
  eprint={1311.4823},
  archivePrefix={arXiv},
  primaryClass={hep-ex}
}

@article{dp-amp-lhcb,
      author         = "Aaij, R. and others",
      title          = "{Study of the $\Dz p$ amplitude in  
                         ${\Lb}\to{\Dz\p\pim}$ decays}",
      collaboration  = "LHCb collaboration",
      year           = "2017",
      journal        = "JHEP",
      volume         = "05",
      pages          = "030",
      doi            = "10.1007/JHEP05(2017)030",
      report         = "{LHCb-PAPER-2016-061 CERN-EP-2017-007}",
      eprint         = "1701.07873",
      archivePrefix  = "arXiv",
      primaryClass   = "hep-ex",
}

@article{lb2dpkm-cp,
    author = "Aaij, R. and others",
    collaboration = "LHCb",
    title = "{Observation of the suppressed $\Lambda_b^0\to D p K^-$ decay with $D\to K^+ \pi^-$ and measurement of its $C\!P$ asymmetry}",
    eprint = "2109.02621",
    archivePrefix = "arXiv",
    primaryClass = "hep-ex",
    reportNumber = "LHCb-PAPER-2021-027, CERN-EP-2021-179",
    doi = "10.1103/PhysRevD.104.112008",
    journal = "Phys. Rev. D",
    volume = "104",
    number = "11",
    pages = "112008",
    year = "2021"
}

@article{lb2lc3pi-lhcb,
  title = {Measurements of the branching fractions for ${B}_{(s)}\ensuremath{\rightarrow}{D}_{(s)}\ensuremath{\pi}\ensuremath{\pi}\ensuremath{\pi}$ and ${\ensuremath{\Lambda}}_{b}^{0}\ensuremath{\rightarrow}{\ensuremath{\Lambda}}_{c}^{+}\ensuremath{\pi}\ensuremath{\pi}\ensuremath{\pi}$},
  author = {Aaij, R. and others},
  collaboration = {The LHCb Collaboration},
  journal = {Phys. Rev. D},
  volume = {84},
  issue = {9},
  pages = {092001},
  numpages = {19},
  year = {2011},
  publisher = {American Physical Society},
  doi = {10.1103/PhysRevD.84.092001},
  eprint={1109.6831},
  archivePrefix={arXiv},
  primaryClass={hep-ex}
}

@article{lb2lcpi-lhcb,
    author = "Aaij, R. and others",
    collaboration = "LHCb",
    title = "{Study of the kinematic dependences of $\Lambda_{b}^{0}$ production in pp collisions and a measurement of the $\Lambda_{b}^{0} \to \Lambda_{c}^{+}$ $\pi^{-}$ branching fraction}",
    eprint = "1405.6842",
    archivePrefix = "arXiv",
    primaryClass = "hep-ex",
    reportNumber = "CERN-PH-EP-2014-106, LHCB-PAPER-2014-004",
    doi = "10.1007/JHEP08(2014)143",
    journal = "JHEP",
    volume = "08",
    pages = "143",
    year = "2014"
}

@article{lb2lcpi-cdf,
  title = {Measurement of ${\ensuremath{\sigma}}_{{\ensuremath{\Lambda}}_{b}^{0}}/{\ensuremath{\sigma}}_{{\overline{B}}^{0}}\ifmmode\times\else\texttimes\fi{}\mathcal{B}({\ensuremath{\Lambda}}_{b}^{0}\ensuremath{\rightarrow}{\ensuremath{\Lambda}}_{c}^{+}{\ensuremath{\pi}}^{\ensuremath{-}})/\mathcal{B}({\overline{B}}^{0}\ensuremath{\rightarrow}{D}^{+}{\ensuremath{\pi}}^{\ensuremath{-}})$ in $p\overline{p}$ Collisions at $\sqrt{s}=1.96\text{ }\text{ }\mathrm{TeV}$},
  author = {Abulencia, A. and others},
  collaboration = {CDF Collaboration},
  journal = {Phys. Rev. Lett.},
  volume = {98},
  issue = {12},
  pages = {122002},
  numpages = {7},
  year = {2007},
  publisher = {American Physical Society},
  doi = {10.1103/PhysRevLett.98.122002},
  eprint={hep-ex/0601003},
  archivePrefix={arXiv},
  primaryClass={hep-ex}
}

@article{lhcb-charm-prod-5tev,
      author         = "Aaij, R. and others",
      title          = "{Measurements of prompt charm production cross-sections 
                         in pp collisions at $\sqrt{s} = $5 TeV}",
      collaboration  = "LHCb collaboration",
      year           = "2017",
      journal        = "JHEP",
      volume         = "06",
      pages          = "147",
      doi            = "10.1007/JHEP06(2017)147",
      report         = "{LHCb-PAPER-2016-042 CERN-EP-2016-244}",
      eprint         = "1610.02230",
      archivePrefix  = "arXiv",
      primaryClass   = "hep-ex",
}

@article{lhcb-charm-prod-7tev,
      author         = "Aaij, R. and others",
      title          = "{Prompt charm production in pp collisions at \mbox{$\sqrt{s}=$7 TeV}}",
      collaboration  = "LHCb collaboration",
      journal        = "Nucl. Phys. B",
      volume         = "871",
      pages          = "1",
      doi            = "10.1016/j.nuclphysb.2013.02.010",
      year           = "2013",
      eprint         = "1302.2864",
      archivePrefix  = "arXiv",
      primaryClass   = "hep-ex",
      report         = "LHCb-PAPER-2012-041 CERN-PH-EP-2013-009",
}

@article{lhcb-charm-prod-13tev,
      author         = "Aaij, R. and others",
      title          = "{Measurements of prompt charm production cross-sections in 
                         pp collisions at $\sqrt{s} = $13 TeV}",
      collaboration  = "LHCb collaboration",
      year           = "2016",
      journal        = "JHEP",
      volume         = "03",
      pages          = "159",
      doi            = "10.1007/JHEP03(2016)159",
      eprint         = "1510.01707",
      archivePrefix  = "arXiv",
      primaryClass   = "hep-ex",
      report         = "{LHCb-PAPER-2015-041 CERN-PH-EP-2015-272}",
      extraPrefix    = "Erratum",
      extraVolume    = "09",
      extraPages     = "013",
      extraYear      = "2016",
      extraDoi       = "10.1007/JHEP09(2016)013",
      extra2Prefix    = "Erratum",
      extra2Volume    = "05",
      extra2Pages     = "074",
      extra2Year      = "2017",
      extra2Doi       = "10.1007/JHEP05(2017)074",
}

@article{ee-charm-prod,
    author = "Falk, A. F. and Peskin, M. E.",
    title = "{Production, decay, and polarization of excited heavy hadrons}",
    eprint = "hep-ph/9308241",
    archivePrefix = "arXiv",
    reportNumber = "SLAC-PUB-6311, JHU-TIPAC-930019",
    doi = "10.1103/PhysRevD.49.3320",
    journal = "Phys. Rev. D",
    volume = "49",
    pages = "3320--3332",
    year = "1994"
}

@article{ee-charm-prod-cleo,
    author = "Bortoletto, D. and others",
    collaboration = "CLEO collaboration",
    title = "{Charm production in 
    nonresonant $e^+e^-$~annihilations at 
    \mbox{$\sqrt{s}=10.55$ GeV}}",
    reportNumber = "CLNS-87-105, CLEO-87-8",
    doi = "10.1103/PhysRevD.37.1719",
    journal = "Phys. Rev. D",
    volume = "37",
    pages = "1719",
    year = "1988",
    extraPrefix    = "Erratum",
    extraVolume    = "39",
    extraPages     = "1471",
    extraYear      = "1989",
    extradoi = "10.1103/PhysRevD.39.1471",
}

@article{ee-charm-prod-argus,
    author = "Albrecht, H. and others",
    collaboration = "ARGUS collaborationn",
    title = "{Inclusive production of $\Dz$, $\Dp$ 
    and  $D^*(2010)^+$~mesons in $B$~decays and nonresonant $e^+e^-$~annihilation at 10.6~GeV}",
    reportNumber = "DESY-91-023",
    doi = "10.1007/BF01559430",
    journal = "Z. Phys. C",
    volume = "52",
    pages = "353--360",
    year = "1991"
}

@article{ee-charm-prod-aleph,
    author = "Decamp, D. and others",
    collaboration = "ALEPH collaboration",
    title = "{Production and decay of charmed mesons at the~Z~resonance}",
    reportNumber = "CERN-PPE-91-114",
    doi = "10.1016/0370-2693(91)90769-M",
    journal = "Phys. Lett. B",
    volume = "266",
    pages = "218--230",
    year = "1991"
}

@article{ee-charm-prod-venus,
    author = "Hinode, F. and others",
    collaboration = "VENUS collaboration",
    title = "{A Study of charged $D^*$~production in $e^+e^-$~annihilation 
    at an~average center\nobreakdash-of\nobreakdash-mass energy of 58~GeV}",
    reportNumber = "KEK-PREPRINT-92-194, HUPD-9306, KOBE-HEP-93-01, KUNS-1181, OULNS-92-04, TMU-HEP-93-1",
    doi = "10.1016/0370-2693(93)91220-H",
    journal = "Phys. Lett. B",
    volume = "313",
    pages = "245--252",
    year = "1993"
}

@article{Belle:2014fde,
    author = "Lee, S. H. and others",
    collaboration = "Belle",
    title = "{Measurements of the masses and widths of the $\Sigma_{c}(2455)^{0/++}$ and $\Sigma_{c}(2520)^{0/++}$ baryons}",
    eprint = "1404.5389",
    archivePrefix = "arXiv",
    primaryClass = "hep-ex",
    reportNumber = "BELLE-PREPRINT-2014-6, KEK-PREPRINT-2013-67",
    doi = "10.1103/PhysRevD.89.091102",
    journal = "Phys. Rev. D",
    volume = "89",
    number = "9",
    pages = "091102",
    year = "2014"
}

@article{Belle:2021qip,
    author = "Yelton, J. and others",
    collaboration = "Belle coillaboration",
    title = "{Measurement of the~masses and widths of the~$\Sigma_{c}(2455)^+$ and 
    $\Sigma_{c}(2520)^+$~baryons}",
    eprint = "2107.05615",
    archivePrefix = "arXiv",
    primaryClass = "hep-ex",
    reportNumber = "Belle Preprint 2021-14, KEK Preprint 2021-11",
    doi = "10.1103/PhysRevD.104.052003",
    journal = "Phys. Rev. D",
    volume = "104",
    number = "5",
    pages = "052003",
    year = "2021"
}

@article{CLEO:2001zwr,
    author = "Artuso, M. and others",
    collaboration = "CLEO collaboration",
    title = "{Measurement of the masses and widths of the~$\Sigma_{c}^{++}$ and $\Sigma_{c}^0$~charmed baryons}",
    eprint = "hep-ex/0110071",
    archivePrefix = "arXiv",
    reportNumber = "CLNS-01-1759, CLEO-01-19",
    doi = "10.1103/PhysRevD.65.071101",
    journal = "Phys. Rev. D",
    volume = "65",
    pages = "071101",
    year = "2002"
}

@article{baryon-resonances-cdf,
    author = "Aaltonen, T. and others",
    collaboration = "CDF",
    title = "{Measurements of the properties of $\Lambda_c(2595)$, $\Lambda_c(2625)$, $\Sigma_c(2455)$, and $\Sigma_c(2520)$ baryons}",
    eprint = "1105.5995",
    archivePrefix = "arXiv",
    primaryClass = "hep-ex",
    reportNumber = "FERMILAB-PUB-11-237-E-PPD",
    doi = "10.1103/PhysRevD.84.012003",
    journal = "Phys. Rev. D",
    volume = "84",
    pages = "012003",
    year = "2011"
}

@article{baryon-resonances-babar,
    author = "Aubert, B. and others",
    collaboration = "BaBar",
    title = "{Measurements of $\BR{\bar{B}^0 \to \Lc\bar{p}}$ and $\BR{B^- \to \Lc\bar{p}\pim}$ and Studies of $\Lc\pim$ Resonances}",
    eprint = "0807.4974",
    archivePrefix = "arXiv",
    primaryClass = "hep-ex",
    reportNumber = "BABAR-PUB-08-016, SLAC-PUB-13341",
    doi = "10.1103/PhysRevD.78.112003",
    journal = "Phys. Rev. D",
    volume = "78",
    pages = "112003",
    year = "2008"
}

@article{baryon-resonances-belle,
    author = "Mizuk, R. and others",
    collaboration = "Belle",
    title = "{Observation of an isotriplet of excited charmed baryons decaying to $\Lc\pi$}",
    eprint = "hep-ex/0412069",
    archivePrefix = "arXiv",
    reportNumber = "BELLE-PREPRINT-2004-36, KEK-PREPRINT-2004-74",
    doi = "10.1103/PhysRevLett.94.122002",
    journal = "Phys. Rev. Lett.",
    volume = "94",
    pages = "122002",
    year = "2005"
}

@article{BaBar:2006itc,
    author = "Aubert, B. and others",
    collaboration = "BaBar",
    title = "{Observation of a charmed baryon decaying to $D^0p$ at a mass near 2.94 GeV$/c^2$}",
    eprint = "hep-ex/0603052",
    archivePrefix = "arXiv",
    reportNumber = "SLAC-PUB-11786, BABAR-PUB-06-019",
    doi = "10.1103/PhysRevLett.98.012001",
    journal = "Phys. Rev. Lett.",
    volume = "98",
    pages = "012001",
    year = "2007"
}

@article{Belle:2006xni,
    author = "Abe, K. and others",
    editor = "Sissakian, Alexey and Kozlov, Gennady and Kolganova, Elena",
    collaboration = "Belle",
    title = "{Experimental constraints on the possible $J^P$ quantum numbers of the $\Lambda_c(2880)^+$}",
    eprint = "hep-ex/0608043",
    archivePrefix = "arXiv",
    reportNumber = "BELLE-CONF-0602",
    doi = "10.1103/PhysRevLett.98.262001",
    journal = "Phys. Rev. Lett.",
    volume = "98",
    pages = "262001",
    year = "2007"
}
